@book{lamport1994latex,
	title={LATEX: a document preparation system: user's guide and reference manual},
	author={Lamport, Leslie},
	year={1994},
	publisher={Addison-wesley}
}

@misc{day1998write,
	title={How to write and publish scientific papers},
	author={Day, Robert A},
	year={1998},
	publisher={SciELO Brasil}
}
